
@ARTICLE{literaturstelle1,
  author = {P. Donner AND F. Christange and M. Buss},
  title = {Human-robot cooperative object swinging of complex pendulum-like
	objects},
  journal = {IEEE International Conference on Intelligent Robots and Systems (IROS)},
  year = {2013},
  pages = {4328--4334}
}

@article{literaturstelle2,
author = {N. Hatsopoulos AND W. Warren,Jr.},
title = {Resonance Tuning in Rhythmic Arm Movements},
journal = {Journal of Motor Behaviour},
year = {1996},
volume = {28},
number = 1,
pages = {3--14}
}

@article{literaturstelle3,
author = {K. Yoshida},
title = {Swing-Up Control of an Inverted Pendulum by Energy-Based Methods},
journal = {American Control Conference},
year = {1999},
volume = {6},
pages = {4045--4047}
}

@book{literaturstelle4,
author = {G. Baker AND J. Blackburn},
title = {The Pendulum, a case study in physics},
publisher = {Oxford University Press},
year = 2005
}

@article{literaturstelle5,
author = {B. Gutnik AND H. Mackie AND G. Hudson AND C. Standen},
title = {How close to a pendulum is human upper limb movement during walking?},
journal = {HOMO - Journal of Comparative Human Biology},
year = {2005},
volume = {56},
pages = {35--49}
}

@book{literaturstelle6,
author = {P. Kugler AND M. Turvey},
title = {Information, Natural Law and the Self-Assembly of Rhythmic Movement},
publisher = {Erlbaum},
year = 1987
}

@article{literaturstelle7,
author = {J. Blackburn AND Y. Zhoujing AND S. Vik},
title = {Experimental study of chaos in a driven pendulum},
journal = {Physica D: Nonlinear Phenomena},
year = {1987},
volume = {26},
pages = {385--395}
}

@article{literaturstelle8,
author = {L.P. Fulcher AND B.F. Davis},
title = {Theoretical and experimental study of the motion of the simple pendulum},
journal = {AAPT American Journal of Physics},
year = {1967},
volume = {44},
pages = {51--55}
}

@article{literaturstelle9,
author = {M. Varlet AND M.J. Richardson},
title = {Computation of continous relative phase and modulation of frequency of human movement},
journal = {Journal of Biomechanics},
year = {2011},
volume = {44},
pages = {1200--1204}
}

@article{literaturstelle10,
author = {B.T. Peters AND J.M. Haddad AND B.C. Heiderscheit AND R.E. van Emmerik AND J. Hamill},
title = {Limitations in the use and interpretation of continous relative phase},
journal = {Journal of Biomechanics},
year = {2003},
volume = {36},
pages = {271--274}
}

@article{literaturstelle11,
author = {A. Engin},
title = {On the damping properties of the shoulder complex},
journal = {Journal of Biomechanic Engineering},
year = {1984},
volume = {106},
pages = {360--363}
}
@techreport{literaturstelle12,
author = {R.F. Chandler AND C.E. Clauser AND J.T. McConville AND H.M. Reynolds AND J.W. Young},
title = {Investigation of internal properties of the human body},
institution = {Aerospace Medical Research Laboratory},
year = {1975}
}

@book{literaturstelle13,
author = {G. Teschl},
title = {Ordinary Differential Equations and Dynamical Systems},
publisher = {American Mathematical Society},
year = 2012
}
@book{literaturstelle14,
author = {K. {\AA}str{\"o}m and T. H{\"a}gglund},
title = {PID Controllers: Theory, Design and Tuning},
publisher = {Instrument Society of America},
year = 1995
}

