
@ARTICLE{literaturstelle1,
  author = {D. Kubus AND T. Kr{\"o}ger AND F. M. Wahl},
  title = {On-Line Estimation of Inertial Parameters Using a Recursive Total
Least-Squares Approach},
  journal = {IEEE/RSJ International Conference on Intelligent Robots and Systems},
  year = {2008},
  pages = {3845--3852}
}

@article{literaturstelle2,
author = {P. Dutkiewicz AND K. Kozbwski},
title = {Experimental Identification of Robot and Load Dynamic Parameters},
journal = {IEEE Conference on Control Applications},
year = {1993},
volume = {2},
pages = {767--775}
}
